<?xml version="1.0" encoding="UTF-8"?><collection xmlns="http://www.loc.gov/MARC21/slim"><record><leader>00517nam--2200145-i-4500</leader><controlfield tag="001">000019954</controlfield><controlfield tag="002">20161230</controlfield><controlfield tag="005">20161230201033</controlfield><controlfield tag="008">060222s1000------------r-----000-0-eng-d</controlfield><datafield ind1=" " ind2=" " tag="080"><subfield code="a">514.748:514.763(061.3)</subfield></datafield><datafield ind1=" " ind2=" " tag="245"><subfield code="a">Global differetial geometry and global analysis. proceedings of the colloquium held at the technical university of berlin, nov. 21-24, 1979</subfield></datafield><datafield ind1=" " ind2=" " tag="260"><subfield code="a">Berlin, Springer-verlag, 1981. Xi + 298 P</subfield></datafield><datafield ind1=" " ind2=" " tag="490"><subfield code="a">Lecture Notes In Mathematics</subfield></datafield><datafield ind1=" " ind2=" " tag="700"><subfield code="a">Ferus, D., Kuhnel, W., Simon, U</subfield></datafield><datafield ind1=" " ind2=" " tag="852"><subfield code="a">49154</subfield></datafield></record></collection>